@Misc{2019a,
  month = aug,
  title = {Responsabilidade Social: o que é, importância e exemplos},
  year  = {2019},
  url   = {https://fia.com.br/blog/responsabilidade-social/},
}

@Misc{teste,
  month = aug,
  title = {Fluxograma de Processos: o que é e quais são as suas partes},
  year  = {2019},
  url   = {https://maisconsultoria.com.br/fluxograma-de-processos},
}

@Misc{2022,
  month = oct,
  title = {Diagrama de Ishikawa: o que é, para que serve e como usar},
  year  = {2022},
  url   = {https://www.napratica.org.br/diagrama-de-ishikawa/},
}

@Misc{2012,
  month = nov,
  title = {Diagrama de Pareto},
  year  = {2012},
  url   = {http://www.citisystems.com.br/diagrama-de-pareto/},
}

@Misc{2021,
  month = aug,
  title = {Histograma: O que é, Exemplos, Gráficos e Tipos},
  year  = {2021},
  url   = {https://www.alura.com.br/artigos/o-que-e-um-histograma},
}

@Misc{2019b,
  month = apr,
  title = {O que é Stakeholders: significado, identificação e priorização},
  year  = {2019},
  url   = {https://ninocarvalho.com/blog/stakeholders-significado-identificacao-priorizacao},
}

@Comment{jabref-meta: databaseType:bibtex;}
